@online{oldproj,
 title = {411\_ARM\_PROJECT},
 author = {Robert Genega and Mike Aebig and Dina Sagitova and Max Ricketts-Uy},
 month = {December},
 year = {2017},
 url = {https://github.com/MaxRickettsUy/411_ARM_PROJECT}
}

@online{coranac,
 title = {Another fast fixed-point sine approximation},
 author = {Jasper Vijn},
 month = {July},
 year = {2009},
 url = {http://www.coranac.com/2009/07/sines/}
}

@article{volder1959cordic,
  title={The CORDIC trigonometric computing technique},
  author={Volder, Jack E},
  journal={IRE Transactions on electronic computers},
  number={3},
  pages={330--334},
  year={1959},
  publisher={IEEE}
}

@online{cainemail,
 title = {Cordic algorithm implementation in ARM assembly language},
 author = {Mitchell Devlin},
 month = {December},
 year = {2017},
 url = {https://github.com/mdevlin1/CordicAlgoARM}
}

@manual{registeroffsetmanual,
 title = {Cortex-M3 processors},
 chapter = {3.4.3.},
 publisher = {ARM Limited},
 edition = {r2p1},
 year = {2010},
 url = {http://infocenter.arm.com/help/index.jsp?topic=/com.arm.doc.dui0552a/BABJGHFJ.html}
}

@online{sqrtcordic,
 title = {Square-root based on CORDIC},
 url = {http://www.convict.lu/Jeunes/Math/square_root_CORDIC.htm}
}

@online{efunclog,
 title = {Calculate exp() and log() Without Multiplications},
 url = {https://www.quinapalus.com/efunc.html},
 month = {July},
 year = {2018}
}

@online{oldreport,
 title = {CMSC 411 Project Documentation},
 author = {Justin Do and Rahsaan Hall and Benjamin Nace and Alexander Rochford},
 year = {2017},
 url = {https://github.com/BurningLights/411Project/blob/master/Documentation-2.pdf}
}

@misc{profemailresults,
  author = {Russell Paul Cain},
  howpublished = {{Private Communication}},
  month = {November},
  year = {2018},
  institution  = {University of Maryland, Baltimore County}
}

@article{armsim,
 title = {ARMSim: An Instruction-Set Simulator for the ARM processor },
 author = {Alpa Shah},
 institution = {Columbia University},
 url = {http://www.cs.columbia.edu/~sedwards/classes/2001/w4995-02/reports/alpa.pdf}
}

@online{visUAL,
 title = {VisUAL: A highly visual ARM emulator},
 author = {Salman Arif},
 institution = {Imperial College London},
 month = {06},
 year = {2015},
 url = {https://salmanarif.bitbucket.io/visual/}
}